[gd_scene load_steps=18 format=2]

[ext_resource path="res://Dude.tscn" type="PackedScene" id=1]
[ext_resource path="res://Main.gd" type="Script" id=2]
[ext_resource path="res://assets/pixel_theme.tres" type="Theme" id=3]
[ext_resource path="res://assets/file_browser_theme.tres" type="Theme" id=4]
[ext_resource path="res://Colors.tscn" type="PackedScene" id=5]
[ext_resource path="res://assets/fonts/FONTS pixel.ttf" type="DynamicFontData" id=6]

[sub_resource type="Theme" id=1]

[sub_resource type="StyleBoxFlat" id=10]
bg_color = Color( 0.180392, 0.698039, 0.231373, 1 )
border_width_left = 2
border_width_top = 2
border_width_right = 2
border_width_bottom = 2

[sub_resource type="StyleBoxFlat" id=2]
border_width_left = 1
border_width_top = 1
border_width_right = 1
border_width_bottom = 1
border_color = Color( 1, 1, 1, 1 )
corner_radius_top_left = 10
corner_radius_top_right = 10
corner_radius_bottom_right = 10
corner_radius_bottom_left = 10

[sub_resource type="StyleBoxFlat" id=3]
border_width_left = 1
border_width_top = 1
border_width_right = 1
border_width_bottom = 1
border_color = Color( 1, 1, 1, 1 )
corner_radius_top_left = 10
corner_radius_top_right = 10
corner_radius_bottom_right = 10
corner_radius_bottom_left = 10

[sub_resource type="StyleBoxFlat" id=4]
border_width_left = 1
border_width_top = 1
border_width_right = 1
border_width_bottom = 1
border_color = Color( 1, 1, 1, 1 )
corner_radius_top_left = 10
corner_radius_top_right = 10
corner_radius_bottom_right = 10
corner_radius_bottom_left = 10

[sub_resource type="StyleBoxFlat" id=5]
border_width_left = 1
border_width_top = 1
border_width_right = 1
border_width_bottom = 1
border_color = Color( 1, 1, 1, 1 )
corner_radius_top_left = 10
corner_radius_top_right = 10
corner_radius_bottom_right = 10
corner_radius_bottom_left = 10

[sub_resource type="StyleBoxFlat" id=6]
border_width_left = 1
border_width_top = 1
border_width_right = 1
border_width_bottom = 1
border_color = Color( 1, 1, 1, 1 )
corner_radius_top_left = 10
corner_radius_top_right = 10
corner_radius_bottom_right = 10
corner_radius_bottom_left = 10

[sub_resource type="StyleBoxFlat" id=7]
border_width_left = 1
border_width_top = 1
border_width_right = 1
border_width_bottom = 1
border_color = Color( 1, 1, 1, 1 )
corner_radius_top_left = 10
corner_radius_top_right = 10
corner_radius_bottom_right = 10
corner_radius_bottom_left = 10

[sub_resource type="StyleBoxFlat" id=8]
border_width_left = 1
border_width_top = 1
border_width_right = 1
border_width_bottom = 1
border_color = Color( 1, 1, 1, 1 )
corner_radius_top_left = 10
corner_radius_top_right = 10
corner_radius_bottom_right = 10
corner_radius_bottom_left = 10

[sub_resource type="StyleBoxFlat" id=9]
border_width_left = 1
border_width_top = 1
border_width_right = 1
border_width_bottom = 1
border_color = Color( 1, 1, 1, 1 )
corner_radius_top_left = 10
corner_radius_top_right = 10
corner_radius_bottom_right = 10
corner_radius_bottom_left = 10

[sub_resource type="DynamicFont" id=11]
size = 28
use_filter = true
font_data = ExtResource( 6 )

[node name="Main" type="Control"]
theme = ExtResource( 3 )
script = ExtResource( 2 )
__meta__ = {
"_edit_use_anchors_": false
}

[node name="Viewport" type="Viewport" parent="."]
size = Vector2( 24, 24 )
size_override_stretch = true
transparent_bg = true
hdr = false
disable_3d = true
usage = 0
render_direct_to_screen = true
render_target_v_flip = true
render_target_update_mode = 3
gui_disable_input = true

[node name="Dude" parent="Viewport" instance=ExtResource( 1 )]
position = Vector2( 12, 12 )

[node name="Panel" type="Panel" parent="."]
margin_left = 5.0
margin_top = 76.0
margin_right = 361.0
margin_bottom = 589.0
theme = ExtResource( 3 )
__meta__ = {
"_edit_use_anchors_": false
}

[node name="Panel2" type="Panel" parent="."]
margin_left = 378.0
margin_top = 76.0
margin_right = 1013.0
margin_bottom = 589.0
theme = ExtResource( 3 )
__meta__ = {
"_edit_use_anchors_": false
}

[node name="Panel3" type="Panel" parent="."]
margin_left = 5.0
margin_top = 6.0
margin_right = 1013.0
margin_bottom = 60.0
theme = ExtResource( 3 )
__meta__ = {
"_edit_use_anchors_": false
}

[node name="ViewportContainer" type="ViewportContainer" parent="."]
margin_left = 19.0
margin_top = 41.0
margin_right = 46.0
margin_bottom = 68.0
__meta__ = {
"_edit_use_anchors_": false
}

[node name="AnimationList" type="OptionButton" parent="."]
margin_left = 264.0
margin_top = 355.0
margin_right = 345.0
margin_bottom = 393.0
hint_tooltip = "Animation to play"
mouse_default_cursor_shape = 2
toggle_mode = false
text = "Idle"
items = [ "Idle", null, false, 0, null, "Run", null, false, 1, null, "Jump", null, false, 2, null, "Stop", null, false, 3, null ]
selected = 0
__meta__ = {
"_edit_use_anchors_": false
}

[node name="PartList" type="OptionButton" parent="."]
margin_left = 475.0
margin_top = 135.0
margin_right = 582.0
margin_bottom = 173.0
mouse_default_cursor_shape = 2
text = "base"
items = [ "base", null, false, 0, null, "top", null, false, 1, null, "face", null, false, 2, null, "bottom", null, false, 3, null, "hand", null, false, 4, null, "eyes", null, false, 5, null ]
selected = 0
__meta__ = {
"_edit_use_anchors_": false
}

[node name="Label" type="Label" parent="."]
margin_left = 449.0
margin_top = 196.0
margin_right = 513.0
margin_bottom = 214.0
theme = ExtResource( 3 )
text = "PRIMARY"
__meta__ = {
"_edit_use_anchors_": false
}

[node name="Label2" type="Label" parent="."]
margin_left = 543.0
margin_top = 196.0
margin_right = 627.0
margin_bottom = 214.0
theme = ExtResource( 3 )
text = "SECONDARY"
__meta__ = {
"_edit_use_anchors_": false
}

[node name="ChangeParts" type="GridContainer" parent="."]
margin_left = 30.0
margin_top = 425.0
margin_right = 339.0
margin_bottom = 557.0
columns = 2
__meta__ = {
"_edit_use_anchors_": false
}

[node name="Label" type="Label" parent="ChangeParts"]
margin_right = 62.0
margin_bottom = 18.0
text = "TOP"
__meta__ = {
"_edit_use_anchors_": false
}

[node name="ChangeTop" type="HSlider" parent="ChangeParts"]
margin_left = 66.0
margin_right = 309.0
margin_bottom = 16.0
size_flags_horizontal = 3
theme = SubResource( 1 )
max_value = 13.0
ticks_on_borders = true
__meta__ = {
"_edit_use_anchors_": false
}

[node name="Label2" type="Label" parent="ChangeParts"]
margin_top = 22.0
margin_right = 62.0
margin_bottom = 40.0
text = "EYES"
__meta__ = {
"_edit_use_anchors_": false
}

[node name="ChangeEyes" type="HSlider" parent="ChangeParts"]
margin_left = 66.0
margin_top = 22.0
margin_right = 309.0
margin_bottom = 38.0
max_value = 9.0
ticks_on_borders = true
__meta__ = {
"_edit_use_anchors_": false
}

[node name="Label3" type="Label" parent="ChangeParts"]
margin_top = 44.0
margin_right = 62.0
margin_bottom = 62.0
text = "FACE"

[node name="ChangeFace" type="HSlider" parent="ChangeParts"]
margin_left = 66.0
margin_top = 44.0
margin_right = 309.0
margin_bottom = 60.0
max_value = 3.0

[node name="Label4" type="Label" parent="ChangeParts"]
margin_top = 66.0
margin_right = 62.0
margin_bottom = 84.0
text = "BOTTOM"

[node name="ChangeBottom" type="HSlider" parent="ChangeParts"]
margin_left = 66.0
margin_top = 66.0
margin_right = 309.0
margin_bottom = 82.0
max_value = 2.0

[node name="Label5" type="Label" parent="ChangeParts"]
margin_top = 88.0
margin_right = 62.0
margin_bottom = 106.0
text = "HAND"

[node name="ChangeHand" type="HSlider" parent="ChangeParts"]
margin_left = 66.0
margin_top = 88.0
margin_right = 309.0
margin_bottom = 104.0
max_value = 1.0

[node name="Label6" type="Label" parent="ChangeParts"]
margin_top = 110.0
margin_right = 62.0
margin_bottom = 128.0
text = "BASE"

[node name="ChangeBase" type="HSlider" parent="ChangeParts"]
margin_left = 66.0
margin_top = 110.0
margin_right = 309.0
margin_bottom = 126.0
max_value = 2.0

[node name="ExportSpriteSheet" type="Button" parent="."]
margin_left = 264.0
margin_top = 104.0
margin_right = 343.0
margin_bottom = 140.0
hint_tooltip = "Export the sprite sheet"
mouse_default_cursor_shape = 2
custom_styles/normal = SubResource( 10 )
text = "EXPORT"
__meta__ = {
"_edit_use_anchors_": false
}

[node name="Dude" parent="." instance=ExtResource( 1 )]
position = Vector2( 121, 196 )
scale = Vector2( 11, 11 )

[node name="GenerateRandom" type="Button" parent="."]
margin_left = 264.0
margin_top = 310.0
margin_right = 345.0
margin_bottom = 348.0
hint_tooltip = "Generate a random Dude"
mouse_default_cursor_shape = 2
text = "Random"
__meta__ = {
"_edit_use_anchors_": false
}

[node name="ColorPicker" type="ColorPicker" parent="."]
margin_left = 716.0
margin_top = 146.0
margin_right = 1033.0
margin_bottom = 614.0
rect_scale = Vector2( 0.8, 0.8 )
__meta__ = {
"_edit_use_anchors_": false
}

[node name="PrimaryColor" type="ToolButton" parent="."]
margin_left = 449.0
margin_top = 219.0
margin_right = 513.0
margin_bottom = 259.0
rect_min_size = Vector2( 40, 40 )
mouse_default_cursor_shape = 2
custom_styles/hover = SubResource( 2 )
custom_styles/pressed = SubResource( 3 )
custom_styles/focus = SubResource( 4 )
custom_styles/normal = SubResource( 5 )
flat = false
__meta__ = {
"_edit_use_anchors_": false
}

[node name="SecondaryColor" type="ToolButton" parent="."]
margin_left = 553.0
margin_top = 219.0
margin_right = 617.0
margin_bottom = 259.0
rect_min_size = Vector2( 40, 40 )
mouse_default_cursor_shape = 2
custom_styles/hover = SubResource( 6 )
custom_styles/pressed = SubResource( 7 )
custom_styles/focus = SubResource( 8 )
custom_styles/normal = SubResource( 9 )
flat = false
__meta__ = {
"_edit_use_anchors_": false,
"_editor_description_": ""
}

[node name="Palette" parent="." instance=ExtResource( 5 )]
margin_left = 403.0
margin_top = 359.0
margin_right = 751.0
margin_bottom = 568.0
rect_scale = Vector2( 0.9, 1 )

[node name="RandomColors1" type="Button" parent="."]
margin_left = 449.0
margin_top = 289.0
margin_right = 503.0
margin_bottom = 327.0
hint_tooltip = "Randomize a color on the current part"
mouse_default_cursor_shape = 2
text = "R1"

[node name="RandomColors2" type="Button" parent="."]
margin_left = 508.0
margin_top = 289.0
margin_right = 562.0
margin_bottom = 327.0
hint_tooltip = "Randomize all colors on the current part"
mouse_default_cursor_shape = 2
text = "R2"
__meta__ = {
"_edit_use_anchors_": false
}

[node name="RandomColors3" type="Button" parent="."]
margin_left = 566.0
margin_top = 289.0
margin_right = 620.0
margin_bottom = 327.0
hint_tooltip = "Randomize all colors on all parts"
mouse_default_cursor_shape = 2
text = "R3"
__meta__ = {
"_edit_use_anchors_": false
}

[node name="ZoomFactor" type="OptionButton" parent="."]
margin_left = 264.0
margin_top = 266.0
margin_right = 345.0
margin_bottom = 304.0
hint_tooltip = "Change zoom factor"
mouse_default_cursor_shape = 2
text = "x11"
items = [ "x11", null, false, 0, null, "x6", null, false, 1, null, "x3", null, false, 2, null, "x1", null, false, 3, null ]
selected = 0
__meta__ = {
"_edit_use_anchors_": false
}

[node name="Label3" type="Label" parent="."]
margin_left = 808.0
margin_top = 19.0
margin_right = 1008.0
margin_bottom = 50.0
custom_fonts/font = SubResource( 11 )
text = "DUDES FACTORY"
align = 1
valign = 1
__meta__ = {
"_edit_use_anchors_": false
}

[node name="FileDialogBack" type="Panel" parent="."]
visible = false
self_modulate = Color( 1, 1, 1, 0.752941 )
margin_left = -11.0
margin_top = -13.0
margin_right = 1032.0
margin_bottom = 621.0
__meta__ = {
"_edit_use_anchors_": false
}

[node name="FileDialog" type="FileDialog" parent="."]
margin_left = 186.0
margin_top = 60.0
margin_right = 810.0
margin_bottom = 545.0
rect_min_size = Vector2( 250, 87.5 )
theme = ExtResource( 4 )
resizable = true
dialog_hide_on_ok = true
dialog_autowrap = true
access = 2
filters = PoolStringArray( "*.png" )
current_dir = "/Users/dividi/Documents/MEGAsync/__DEV/games/godot/Dudes Maker"
current_path = "/Users/dividi/Documents/MEGAsync/__DEV/games/godot/Dudes Maker/"
__meta__ = {
"_edit_use_anchors_": false
}

[connection signal="item_selected" from="AnimationList" to="." method="_on_AnimationList_item_selected"]
[connection signal="item_selected" from="PartList" to="." method="_on_PartList_item_selected"]
[connection signal="value_changed" from="ChangeParts/ChangeTop" to="." method="_on_ChangePart" binds= [ "top" ]]
[connection signal="value_changed" from="ChangeParts/ChangeEyes" to="." method="_on_ChangePart" binds= [ "eyes" ]]
[connection signal="value_changed" from="ChangeParts/ChangeFace" to="." method="_on_ChangePart" binds= [ "face" ]]
[connection signal="value_changed" from="ChangeParts/ChangeBottom" to="." method="_on_ChangePart" binds= [ "bottom" ]]
[connection signal="value_changed" from="ChangeParts/ChangeHand" to="." method="_on_ChangePart" binds= [ "hand" ]]
[connection signal="value_changed" from="ChangeParts/ChangeBase" to="." method="_on_ChangePart" binds= [ "base" ]]
[connection signal="pressed" from="ExportSpriteSheet" to="." method="_on_ExportSpriteSheet_pressed"]
[connection signal="pressed" from="GenerateRandom" to="." method="_on_GenerateRandom_pressed"]
[connection signal="color_changed" from="ColorPicker" to="." method="_on_ColorPicker_color_changed"]
[connection signal="pressed" from="PrimaryColor" to="." method="_on_PrimaryColor_pressed"]
[connection signal="pressed" from="SecondaryColor" to="." method="_on_SecondaryColor_pressed"]
[connection signal="pressed" from="RandomColors1" to="." method="_on_RandomColors1_pressed"]
[connection signal="pressed" from="RandomColors2" to="." method="_on_RandomColors2_pressed"]
[connection signal="pressed" from="RandomColors3" to="." method="_on_RandomColors3_pressed"]
[connection signal="item_selected" from="ZoomFactor" to="." method="_on_ZoomFactor_item_selected"]
[connection signal="confirmed" from="FileDialog" to="." method="_on_FileDialog_confirmed"]
