[gd_resource type="Theme" load_steps=22 format=2]

[ext_resource path="res://assets/fonts/FONTS pixel.ttf" type="DynamicFontData" id=1]

[sub_resource type="StyleBoxFlat" id=11]
bg_color = Color( 0.14902, 0.14902, 0.14902, 1 )
border_width_left = 2
border_width_top = 2
border_width_right = 2
border_width_bottom = 2

[sub_resource type="StyleBoxFlat" id=12]
bg_color = Color( 0.341176, 0.356863, 0.403922, 1 )
border_width_left = 3
border_width_top = 3
border_width_right = 3
border_width_bottom = 3
border_color = Color( 0.282227, 0.118535, 0, 1 )

[sub_resource type="StyleBoxFlat" id=9]
bg_color = Color( 0.14902, 0.14902, 0.14902, 1 )
border_width_left = 2
border_width_top = 2
border_width_right = 2
border_width_bottom = 2

[sub_resource type="StyleBoxFlat" id=10]
bg_color = Color( 0.588235, 0.247059, 0, 1 )
border_width_left = 3
border_width_top = 3
border_width_right = 3
border_width_bottom = 3
border_color = Color( 0.21582, 0.0906445, 0, 1 )

[sub_resource type="StyleBoxEmpty" id=14]

[sub_resource type="StyleBoxFlat" id=21]
bg_color = Color( 0.756863, 0.733333, 0.733333, 1 )

[sub_resource type="StyleBoxFlat" id=5]
bg_color = Color( 0.588235, 0.247059, 0, 1 )

[sub_resource type="StyleBoxFlat" id=6]
bg_color = Color( 0.803922, 0.282353, 0.0117647, 1 )

[sub_resource type="StyleBoxFlat" id=7]
content_margin_left = 2.0
content_margin_right = 3.0
content_margin_top = 3.0
content_margin_bottom = 3.0
bg_color = Color( 0.917647, 0.305882, 0, 1 )
border_width_left = 1
border_width_top = 1
border_width_right = 1
border_width_bottom = 1

[sub_resource type="StyleBoxFlat" id=16]
content_margin_left = 10.0
content_margin_right = 10.0
content_margin_top = 10.0
content_margin_bottom = 10.0
bg_color = Color( 0.14902, 0.14902, 0.14902, 1 )
border_width_left = 1
border_width_top = 1
border_width_right = 1
border_width_bottom = 1
border_color = Color( 0.741176, 0.741176, 0.741176, 1 )

[sub_resource type="StyleBoxFlat" id=15]
content_margin_left = 10.0
content_margin_right = 10.0
content_margin_top = 10.0
content_margin_bottom = 10.0
bg_color = Color( 0.14902, 0.14902, 0.14902, 1 )
border_width_left = 1
border_width_top = 1
border_width_right = 1
border_width_bottom = 1
border_color = Color( 0.741176, 0.741176, 0.741176, 1 )

[sub_resource type="StyleBoxFlat" id=4]
content_margin_left = 10.0
content_margin_right = 10.0
content_margin_top = 10.0
content_margin_bottom = 10.0
bg_color = Color( 0.14902, 0.14902, 0.14902, 1 )
border_width_left = 2
border_width_top = 2
border_width_right = 2
border_width_bottom = 2
border_color = Color( 1, 1, 1, 1 )

[sub_resource type="StyleBoxFlat" id=17]
content_margin_left = 10.0
content_margin_right = 10.0
content_margin_top = 10.0
content_margin_bottom = 10.0
bg_color = Color( 0.14902, 0.14902, 0.14902, 1 )
border_width_left = 1
border_width_top = 1
border_width_right = 1
border_width_bottom = 1
border_color = Color( 0.741176, 0.741176, 0.741176, 1 )

[sub_resource type="StyleBoxFlat" id=13]
bg_color = Color( 0.167969, 0.167969, 0.167969, 1 )
border_width_left = 5
border_width_top = 5
border_width_right = 5
border_width_bottom = 5
border_color = Color( 0.74902, 0.74902, 0.74902, 1 )
corner_radius_top_left = 10
corner_radius_top_right = 10
corner_radius_bottom_right = 10
corner_radius_bottom_left = 10
shadow_size = 2
shadow_offset = Vector2( 8, 8 )

[sub_resource type="StyleBoxFlat" id=20]
content_margin_left = 2.0
content_margin_right = 2.0
content_margin_top = 2.0
content_margin_bottom = 2.0
bg_color = Color( 0.168627, 0.168627, 0.168627, 1 )
border_width_left = 1
border_width_top = 1
border_width_right = 1
border_width_bottom = 1
corner_radius_top_left = 5
corner_radius_top_right = 5
corner_radius_bottom_right = 5
corner_radius_bottom_left = 5

[sub_resource type="DynamicFont" id=19]
size = 13
outline_size = 1
use_filter = true
font_data = ExtResource( 1 )

[sub_resource type="StyleBoxFlat" id=18]
content_margin_left = 10.0
content_margin_right = 10.0
content_margin_top = 10.0
content_margin_bottom = 10.0
bg_color = Color( 0.168627, 0.168627, 0.168627, 1 )
border_width_left = 2
border_width_top = 2
border_width_right = 2
border_width_bottom = 2
corner_radius_top_left = 10
corner_radius_top_right = 10
corner_radius_bottom_right = 10
corner_radius_bottom_left = 10
corner_detail = 4

[sub_resource type="StyleBoxFlat" id=22]

[sub_resource type="StyleBoxFlat" id=23]
content_margin_left = 3.0
content_margin_right = 3.0
bg_color = Color( 0.226563, 0.226563, 0.226563, 1 )

[sub_resource type="DynamicFont" id=3]
outline_size = 2
outline_color = Color( 0.164706, 0.164706, 0.164706, 1 )
use_mipmaps = true
use_filter = true
font_data = ExtResource( 1 )

[resource]
default_font = SubResource( 3 )
Button/styles/focus = SubResource( 11 )
Button/styles/hover = SubResource( 12 )
Button/styles/normal = SubResource( 9 )
Button/styles/pressed = SubResource( 10 )
CheckButton/styles/normal = SubResource( 14 )
HScrollBar/styles/grabber = SubResource( 21 )
HSlider/styles/grabber_area = SubResource( 5 )
HSlider/styles/grabber_area_highlight = SubResource( 6 )
HSlider/styles/slider = SubResource( 7 )
OptionButton/styles/focus = SubResource( 16 )
OptionButton/styles/hover = SubResource( 15 )
OptionButton/styles/normal = SubResource( 4 )
OptionButton/styles/pressed = SubResource( 17 )
Panel/styles/panel = SubResource( 13 )
TextEdit/styles/normal = SubResource( 20 )
TooltipLabel/colors/font_color = Color( 1, 1, 1, 1 )
TooltipLabel/fonts/font = SubResource( 19 )
TooltipPanel/styles/panel = SubResource( 18 )
VScrollBar/styles/grabber = SubResource( 22 )
VScrollBar/styles/scroll = SubResource( 23 )
